<?xml version="1.0" encoding="UTF-8"?><collection xmlns="http://www.loc.gov/MARC21/slim"><record><leader>00352nam--2200133-i-4500</leader><controlfield tag="001">000034929</controlfield><controlfield tag="002">20161230</controlfield><controlfield tag="005">20161230201040</controlfield><controlfield tag="008">060222s1000------------r-----000-0-eng-d</controlfield><datafield ind1=" " ind2=" " tag="080"><subfield code="a">669.01</subfield></datafield><datafield ind1=" " ind2=" " tag="245"><subfield code="a">Notiuni de metalurgie. manual pentru scoli de calificare</subfield></datafield><datafield ind1=" " ind2=" " tag="260"><subfield code="a">Bucuresti, Ed.Tehnica, 1952, 234p</subfield></datafield><datafield ind1=" " ind2=" " tag="490"><subfield code="a">Rezervele De Munca</subfield></datafield><datafield ind1=" " ind2=" " tag="852"><subfield code="a">26392</subfield></datafield></record></collection>